@phdthesis{taxidata,
	title={机场陆侧交通需求预测及集散道路方案设计},
	author={岳喜展},
	school={吉林大学},
	address={长春},
	year={1994}
}
@techreport{taxireport,
	title={公交\uppercase\expandafter{\romannumeral2}行业：出租车深度报告},
	institution={广发证券},
	address={广州},
	year={2015}
}
@conference{flightdata,
	title={郑州机场陆侧交通需求预测及交通组织方案研究},
	organization={中国城市规划学会城市交通规划学术委员会:中国城市规划学会},
	year={9},
	address={北京},
	page={1290-1298}
}
@book{queuebook,
	title={随机过程与排队论},
	author={何选森},
	publisher={湖南大学出版社},
	year={2010},
	address={长沙}
}
@article{ga_al,
	title={An introduction to genetic algorithms : MELANIE MITCHELL. MIT Press, Cambridge, MA (1996). ix + 205 pp., $30, ISBN 0-262-13316-4},
	author={Loses, Robert M.},
	journal={Information Processing & Managemen	t},
	volume={33},
	number={3},
	pages={407},
	year={1997},
}